@ARTICLE{Cundall-1979,
  author    = {Cundall, P. A. and Strack, O. D. L.},
  title     = {A discrete numerical model for granular assemblies},
  journal   = {G\'eotechnique},
  year      = {1979},
  volume    = {29},
  pages     = {47--65},
  number    = {1}
}

@PHDTHESIS{Luding-1994,
  author    = {Luding, S.},
  title     = {Models and Simulations of Granular Materials},
  school    = {Universitï¿½t Freiburg},
  year      = {1994},
  type      = {PhD}
}

@INPROCEEDINGS{Luding-2004,
  author    = {Luding, S.},
  title     = {Molecular Dynamics Simulations of Granular Materials},
  booktitle = {The Physics of Granular Media},
  year      = {2004},
  editor    = {Hinrichsen, H. and Wolf, D.},
  pages     = {299--324},
  address   = {Weinheim},
  publisher = {Wiley-VCH}
}

@ARTICLE{SMFrameworkKoziel, 
author={Koziel, S. and Bandler, J.W. and Madsen, K.}, 
journal={Microwave Theory and Techniques, IEEE Transactions on}, 
title={A Space-Mapping Framework for Engineering Optimization - Theory and Implementation}, 
year={2006}, 
volume={54}, 
number={10}, 
pages={3721-3730}, 
ISSN={0018-9480}, 
month={Oct},
}

@INPROCEEDINGS{SMOptAlgEngDesignKoziel, 
author={Koziel, S. and Bandler, J.W. and Madsen, K.}, 
booktitle={Microwave Symposium Digest, 2006. IEEE MTT-S International}, 
title={Space Mapping Optimization Algorithms for Engineering Design}, 
year={2006}, 
pages={1601-1604}, 
doi={10.1109/MWSYM.2006.249642}, 
ISSN={0149-645X}, 
month={June},
}

@ARTICLE{ImplicitSMExploitParametersBandler, 
author={Bandler, J.W. and Cheng, Q.S. and Nikolova, N.K. and Ismail, M.A.}, 
journal={Microwave Theory and Techniques, IEEE Transactions on}, 
title={Implicit space mapping optimization exploiting preassigned parameters}, 
year={2004}, 
volume={52}, 
number={1}, 
pages={378-385}, 
doi={10.1109/TMTT.2003.820892}, 
ISSN={0018-9480}, 
month={Jan},
}
